@article{Vis2021AVariants,
    title = {{A Boolean Algebra for Genetic Variants}},
    year = {2021},
    journal = {Bioinformatics},
    author = {Vis, Jonathan K. and Santcroos, Mark A. and Kosters, Walter A. and Laros, Jeroen F. J.},
    editor = {Marschall, Tobias},
    month = {12},
    url = {http://arxiv.org/abs/2112.14494 http://dx.doi.org/10.1093/bioinformatics/btad001},
    doi = {10.1093/bioinformatics/btad001},
    arxivId = {2112.14494v2}
}