@article{Vis2023AVariants,
    title = {{A Boolean algebra for genetic variants}},
    year = {2023},
    journal = {Bioinformatics},
    author = {Vis, Jonathan K and Santcroos, Mark A and Kosters, Walter A and Laros, Jeroen F J},
    editor = {Marschall, Tobias},
    number = {1},
    month = {1},
    volume = {39},
    publisher = {Oxford Academic},
    url = {https://academic.oup.com/bioinformatics/article/39/1/btad001/6967432},
    doi = {10.1093/BIOINFORMATICS/BTAD001},
    issn = {1367-4803}
}